2593 3094
1263 220 1304 262 4
1363 211 1365 214 .

173 348 304 402 ipsam
338 348 535 403 probasse
570 347 792 402 deditaque
827 361 957 401 opera
989 344 1167 402 spe'ciem
1204 350 1289 388 eius
1312 355 1498 402 captasse
1533 356 1573 389 et
1596 363 1730 389 rerum
1756 350 1939 391 ordinem
1963 364 2068 400 eum,
2102 365 2222 404 quem
2257 356 2390 390 mente

175 434 444 489 compositum
487 434 737 484 intueretur,
784 432 969 474 consulto
1004 434 1264 487 perturbasse
1300 433 1521 475 videbitur:
1578 435 1657 477 hoc
1696 443 1856 490 sumpto
1892 435 2019 476 videri
2054 435 2205 490 poterit
2237 435 2390 491 primae

175 532 311 560 rerum
351 515 582 574 scriptionis
624 526 809 560 tenorem
850 517 1041 574 relegens
1084 526 1125 559 et
1168 518 1331 559 uberius
1375 519 1530 562 scilicet
1572 520 1691 576 paulo
1735 527 1851 575 post,
1903 534 2022 576 quam
2058 527 2203 576 gestae
2243 526 2390 573 essent,

175 604 426 660 conscriptas
461 603 615 660 aliquot
647 604 759 644 annis
801 603 1025 645 interiectis
1066 603 1309 644 contrahens
1344 619 1448 660 quae
1489 606 1543 646 ibi
1585 607 1646 646 bis
1688 598 1832 661 terque
1865 606 2016 661 scripta
2059 612 2285 657 exstarent,
2340 619 2390 646 ea

174 691 301 753 semel
334 698 490 733 tantum
523 691 711 757 posuisse
741 690 888 763 partim
932 691 1139 749 brevitatis
1173 690 1323 754 studio,
1357 692 1513 747 partim
1543 691 1655 749 quod
1696 692 1975 764 perspicuitati
2018 692 2114 733 nihil
2155 692 2317 733 timeret
2349 691 2389 732 in

171 776 330 818 lectore
374 783 529 818 attento
572 782 614 816 et
655 776 722 830 qui
767 760 1099 817 consuetudinem
1141 775 1353 830 scriptoris
1395 772 1555 818 discere
1590 777 1710 819 vellet
1751 788 1800 818 ac
1833 781 1985 832 p-osset
2087 777 2201 819 Talis
2235 756 2389 832 primae

172 863 404 919 scriptionis
439 861 586 904 indicia
621 861 745 903 etiam
780 862 856 903 alia
895 861 1019 903 multa
1054 862 1168 904 nobis
1211 862 1295 904 iam
1333 861 1483 907 dudum
1526 863 1767 905 observasse
1806 869 1853 926 ‘t
1886 863 2000 919 quasi
2033 863 2216 920 manibus
2248 868 2391 906 tenere

173 948 435 1001 videbamur,
479 961 571 989 cum
605 961 708 988 vana
752 962 843 988 esse
878 948 1009 988 omnia
1054 962 1147 988 sero
1191 948 1404 1013 didicimus
1445 956 1487 989 et
1516 963 1684 1026 poenas
1727 949 1898 990 levitatis
1932 948 2115 989 dedimus
2149 950 2283 989 iuveni
2316 948 2390 989 do-

173 1036 353 1076 ctissimo
390 1035 543 1074 Carolo
578 1034 835 1090 Nipperdey,
869 1035 935 1089 qui
970 1035 1007 1073 in
1043 1033 1323 1089 quaestionum
1360 1035 1590 1076 criticarum
1615 1051 1687 1076 seu
1713 1037 2049 1076 Caesarianamm
2084 1036 2203 1077 editis
2226 1038 2276 1076 ab
2300 1037 2388 1090 ipso

171 1130 265 1161 ante
299 1122 374 1160 hos
410 1128 601 1174 quattuor
635 1134 763 1160 annos
798 1121 1095 1160 commentariis
1138 1122 1322 1161 omnibus
1365 1123 1677 1175 praemissarum
1721 1122 1885 1162 introitu
1927 1136 2082 1162 summa
2124 1136 2216 1163 cum
2250 1122 2387 1176 gravi·

171 1214 255 1249 tate
289 1206 469 1249 rationes
515 1212 674 1246 nostras
719 1203 905 1261 explosit.
993 1206 1053 1247 Ac
1101 1204 1274 1261 primum
1318 1205 1478 1262 quidem
1523 1205 1654 1248 Servii
1706 1205 1936 1248 testimonio
1980 1204 2082 1247 'nibil
2130 1203 2388 1248 tribuendum

167 1290 295 1334 fnisse
330 1291 483 1333 docuit.
551 1292 593 1332 Is
628 1291 735 1332 enim
770 1290 822 1331 ad
840 1290 992 1346 Virgilii
1031 1304 1171 1332 versus
1206 1295 1305 1334 Aen.
1334 1295 1386 1334 11
1428 1293 1519 1335 743
1555 1308 1614 1349 sq.
1682 1293 1985 1348 Derephcmque
2017 1293 2069 1334 ab
2103 1307 2203 1347 equo
2237 1292 2387 1334 desita

171 1379 441 1433 conplectitur
485 1378 640 1418 hostem
672 1377 736 1418 Et
768 1368 963 1432 gre'm'um
996 1381 1094 1417 ante
1125 1392 1241 1418 suum
1274 1368 1400 1420 molta
1433 1382 1478 1419 vi
1496 1382 1678 1420 concitus
1711 1378 1855 1431 aufert
1887 1379 2103 1434 adscripsit
2135 1379 2260 1419 baec:
2294 1379 2389 1418 Hoc

170 1465 223 1506 de
262 1467 440 1506 historia
483 1469 662 1505 tractum
695 1468 771 1504 est.
840 1465 949 1505 Nam
989 1465 1035 1504 C.
1071 1466 1207 1505 Iulius
1248 1461 1406 1506 caesar
1447 1481 1536 1506 cum
1578 1467 1796 1506 dimicaret
1836 1470 1880 1506 in
1922 1467 2066 1506 Gallia
2107 1469 2148 1506 et
2189 1466 2241 1506 ab
2274 1440 2388 1506 kuste

168 1555 319 1606 raptus
352 1566 452 1606 equo
485 1554 573 1592 eius
601 1553 846 1604 portaretur
871 1538 1075 1600 ἀι-Μαίη,
1108 1554 1289 1592 occurrit
1320 1552 1370 1592 de
1400 1552 1582 1593 hostibus
1615 1554 1691 1606 qm·
1708 1566 1798 1593 eum
1829 1555 1978 1601 nosset,
2010 1554 2052 1592 et
2075 1550 2280 1592 insultans
2301 1553 2388 1591 ait.-

167 1625 385 1688 Coesar‚
418 1637 633 1687 Caesar,
665 1636 773 1690 quod
805 1630 1015 1677 Gallorur&
1049 1637 1191 1690 lingua
1226 1637 1431 1678 dimitte
1463 1637 1691 1692 significat.
1758 1636 1821 1679 Et
1854 1640 1916 1678 ito
1938 1634 2109 1689 sactus·
2139 1639 2213 1687 est,
2247 1639 2294 1677 ut
2325 1635 2388 1676 di-

167 1727 413 1767 mitteretur.
480 1724 579 1766 Hoc
611 1726 747 1765 autem
781 1727 871 1777 ipse
903 1722 1061 1764 Caesar
1095 1725 1138 1764 t'n
1172 1722 1449 1777 Epkemerr'de
1481 1737 1558 1764 sua
1592 1721 1710 1774 dicit,
1755 1722 1829 1764 ubi·
1860 1725 2078 1778 propriam
2110 1724 2389 1764 commen-orat

155 1807 425 1865 felicitatem.
492 1809 615 1851 Haec
650 1807 767 1850 nobis
803 1808 978 1849 narratio
1018 1808 1133 1858 mira,
1167 1815 1209 1849 at
1243 1808 1472 1865 neutiquam
1508 1807 1768 1860 incredibilis,
1803 1821 1869 1850 res
1903 1815 2038 1849 autem
2073 1796 2269 1848 eiusmodi
2304 1807 2390 1847 visa

169 1905 270 1949 erat,
304 1911 410 1953 quae
442 1898 476 1936 si
509 1897 664 1950 scripta
698 1910 722 1934 a
746 1896 926 1934 Caesare
961 1904 1081 1946 esset,
1117 1896 1156 1934 in
1188 1894 1514 1948 ephemeridibus
1549 1895 1696 1948 potius,
1730 1909 1852 1948 quam
1885 1896 1923 1934 in
1956 1895 2256 1934 commentariis
2289 1894 2387 1934 scri-

170 1992 241 2040 pta
274 1984 447 2025 iudicari
491 1973 687 2032 deberet,
746 1981 924 2036 ideoque
970 1982 1183 2036 vestigium
1226 1982 1305 2023 hoc
1348 1984 1525 2037 ipsarum
1569 1980 1875 2035 ephemeridum
1918 1982 2085 2036 proprie
2124 1979 2387 2022 dicendarum

167 2083 383 2125 superesse
414 2076 716 2124 putaveramus.
806 2067 1143 2108 obversabantur
1184 2066 1289 2108 enim
1324 2067 1457 2108 animo
1492 2073 1633 2107 nostro
1667 2065 1775 2107 haud
1817 2066 1947 2107 minus
1980 2064 2257 2107 memorabilia
2287 2061 2387 2105 {aci-

168 2158 273 2198 nora
305 2154 371 2197 illa
388 2154 578 2197 Caesaris
614 2152 857 2196 aSuetonio
892 2151 931 2193 in
965 2152 1050 2194 eius
1085 2152 1167 2194 vita
1188 2167 1236 2194 c.
1258 2153 1317 2194 58
1353 2152 1495 2204 relata,
1529 2164 1619 2194 cum
1644 2151 1694 2192 ad
1720 2150 1985 2193 arcessendas
2003 2149 2225 2192 Brundisio
2248 2149 2387 2205 copias

166 2242 271 2283 clam
305 2248 429 2282 noctu
462 2240 674 2297 parvulum
707 2234 915 2295 navigium
950 2239 1058 2279 solus
1092 2238 1414 2289 conscendisset,
1457 2252 1549 2284 cum
1584 2238 1745 2305 Gallico
1791 2237 1929 2278 habitu
1970 2251 2045 2290 per
2085 2237 2280 2277 stationes
2313 2234 2387 2273 ho·

163 2329 285 2370 stium
318 2326 372 2369 ad
390 2306 574 2367 ¹obsessa
606 2340 773 2367 suorum
808 2333 944 2366 castra
978 2332 1246 2379 penetrasset,
1280 2339 1370 2366 cum
1406 2338 1481 2379 per
1514 2338 1559 2364 se
1593 2329 1736 2379 portus
1770 2331 1812 2364 et
1840 2323 2142 2378 navigationem
2173 2329 2215 2362 et
2246 2335 2386 2362 acces-

162 2406 250 2457 sum
286 2414 339 2455 ad
372 2413 625 2455 Britanniam
657 2413 893 2467 prinsquam
936 2413 1159 2453 exercitum
1203 2410 1496 2460 transveheret,
1537 2386 1810 2464 explorasset,
1866 2385 2053 2464 quorum·
2081 2407 2177 2448 nihil
2211 2407 2262 2448 ab
2296 2407 2384 2461 ipso

146 2502 202 2543 ‘in
238 2499 542 2543 commentariis
576 2499 798 2540 memoriae
838 2497 1046 2554 proditum
1090 2505 1172 2548 est;
1228 2505 1270 2539 et
1312 2496 1454 2537 horum
1488 2495 1743 2550 aliorumque
1781 2495 1833 2535 ab
1869 2493 1954 2535 aliis
1986 2493 2042 2536 de
2076 2506 2126 2534 eo
2162 2492 2383 2536 relatorum

163 2586 470 2643 comparatione
504 2598 598 2627 cum
632 2584 704 2636 iis,
745 2598 851 2640 quae
883 2584 972 2641 ipse
1006 2584 1189 2639 scripsit,
1233 2579 1412 2623 instituta
1447 2589 1628 2622 normam
1663 2579 1864 2636 quandam
1897 2579 2037 2635 adepti
2069 2579 2189 2620 nobis
2212 2577 2385 2619 ,videba—

158 2686 263 2727 mur,
298 2663 378 2729 qua
411 2672 509 2729 quid
540 2672 581 2713 in
615 2664 822 2728 publicum
866 2670 1091 2722 edendum,
1136 2669 1235 2725 quid
1268 2668 1427 2709 silentio
1470 2665 1874 2723 praetermittendum
1908 2673 2114 2720 putasset,
2159 2662 2384 2706 diiudicare

121 2765 124 2782 ⁵
155 2760 384 2818 possemus,
418 2752 724 2816 eaqne'flducia
747 2750 861 2798 du'cti
885 2755 1106 2799 Caesarem
1128 2757 1169 2797 in
1193 2755 1494 2798 commentariis
1517 2753 1760 2796 ‘felicitatem
1783 2753 1948 2810 quiden
1978 2766 2099 2793 suam
2128 2752 2178 2792 ἰιῑ
2199 2749 2384 2807 gese-da

157 2861 205 2890 re
244 2842 406 2902 publica
448 2838 780 2902 conspiciendam
820 2838 1084 2899 praedicare,
1140 2843 1216 2885 sed
1255 2842 1309 2884 de
1352 2842 1434 2883 suis
1469 2840 1714 2897 ‘singulatim
1738 2857 1740 2862 ’
1763 2838 1954 2896 periculis
1988 2846 2040 2880 >et
2086 2839 2248 2881 casibus
2273 2837 2377 2878 -sive
